@article{gajda,
	author = {Adam Gajda and Michal Krynicki and Les{\l}aw Szczerba},
	doi = {10.1007/bf00370379},
	journal = {Studia Logica},
	number = {2},
	pages = {177--185},
	publisher = {Springer},
	title = {A note on syntactical and semantical functions},
	volume = {46},
	year = {1987}
}

@article{visser2006categories,
  title={Categories of theories and interpretations},
  author={Visser, Albert and Enayat, Ali and Kalantari, Iraj and Moniri, Mojtaba},
  journal={Logic in Tehran},
  volume=26,
  pages={284--341},
  year=2006,
  publisher={Association for Symbolic Logic}
}

@incollection{feferman1969,
  title =	 {Set-theoretical foundations for category theory},
  author =	 {Feferman, Solomon},
  booktitle =	 {Reports of the Midwest Category Seminar III},
  pages =	 {201--247},
  year =	 1969,
  publisher =	 {Springer},
  series =	 {Lecture Notes in Mathematics},
  volume =	 106,
  note =	 {with an appendix by G. Kreisel},
}

@incollection{feferman1977,
  title =	 {Categorical foundations and foundations of category
                  theory},
  author =	 {Feferman, Solomon},
  booktitle =	 {Logic, Foundations of Mathematics, and Computability
                  Theory},
  editor =	 {Butts, Robert E. and Hintikka, Jaakko},
  pages =	 {149--169},
  year =	 1977,
  publisher =	 {Reidel},
  address =	 {Dordrecht},
}

@book{mitchell,
  title =	 {Theory of categories},
  author =	 {Mitchell, Barry},
  year =	 1965,
  publisher =	 {Academic Press}
}

@article{pinter,
  title =	 {Properties preserved under definitional equivalence
                  and interpretations},
  author =	 {Pinter, Charles C.},
  journal =	 {Zeitschrift für mathematische Logik und Grundlagen
                  der Mathematik},
  volume =	 24,
  number =	 10,
  pages =	 {481--488},
  year =	 1978,
  publisher =	 {Wiley Online Library},
  doi =		 {10.1002/malq.19780241004}
}


@article{mathias,
  title={The strength of Mac Lane set theory},
  author={Mathias, Adrian R. D.},
  journal={Annals of Pure and Applied Logic},
  volume={110},
  number={1-3},
  pages={107--234},
  year={2001},
  publisher={Elsevier},
  doi={10.1016/S0168-0072(00)00031-2}
}

@article{shulman,
  title =	 {Comparing material and structural set theories},
  author =	 {Shulman, Michael},
  journal =	 {Annals of Pure and Applied Logic},
  volume =	 170,
  number =	 4,
  pages =	 {465--504},
  year =	 2019,
  publisher =	 {Elsevier},
  doi =		 {10.1016/j.apal.2018.11.002}
}


@PhdThesis{kemeny,
  title =	 {Type-theory vs. set-theory},
  author =	 {Kemeny, John George},
  year =	 {1949},
  school =	 {Princeton University}
}

@book{makkai2006,
  title =	 {First order categorical logic: model-theoretical
                  methods in the theory of topoi and related
                  categories},
  author =	 {Makkai, Michael and Reyes, Gonzalo E},
  year =	 2006,
  publisher =	 {Springer},
  doi =		 {10.1007/BFb0066201​}
}

@article{freire,
  title =	 {Bi-interpretation in weak set theories},
  author =	 {Freire, Alfredo Roque and Hamkins, Joel David},
  journal =	 {The Journal of Symbolic Logic},
  volume =	 86,
  number =	 2,
  pages =	 {609--634},
  year =	 2021,
  publisher =	 {Cambridge University Press}
}

@article{andreka,
  title =	 {Mutual definability does not imply
                  bi-interpretability},
  author =	 {Andr{\'e}ka, Hajnal and Madarasz, Judit and N{\'e}meti, Istv{\'a}n},
  journal =	 {Studia Logica},
  volume =	 53,
  number =	 3,
  pages =	 {353--378},
  year =	 1994,
  publisher =	 {Springer},
  doi =		 {10.1002/malq.200410051}
}

@book{maclane,
  title =	 {Sheaves in Geometry and Logic: A First Introduction
                  to Topos Theory},
  author =	 {Mac Lane, Saunders and Moerdijk, Ieke},
  series =	 {Universitext},
  year =	 1992,
  publisher =	 {Springer-Verlag},
  address =	 {New York, NY},
  isbn =	 {978-0387977102},
  doi =		 {10.1007/978-1-4612-0927-0}
}


@article{awodey,
  title =	 {From sets to types to categories to sets},
  author =	 {Awodey, Steve},
  journal =	 {Philosophical Explorations},
  year =	 2009,
  publisher =	 {Springer},
  doi =		 {10.1007/978-94-007-0431-2_5}
}

@article{friedman2014bi,
  title =	 {When bi-interpretability implies synonymy},
  author =	 {Friedman, Harvey M and Visser, Albert},
  journal =	 {Logic Group preprint series},
  volume =	 320,
  pages =	 {1--19},
  year =	 2014,
  publisher =	 {Department of Philosophy of Utrecht University}
}

@article{mclarty2004,
  title =	 {Exploring categorical structuralism},
  author =	 {McLarty, Colin},
  journal =	 {Philosophia Mathematica},
  volume =	 12,
  number =	 1,
  pages =	 {37--53},
  year =	 2004,
  publisher =	 {OUP}
}

@article{morita,
  title =	 {Morita equivalence},
  author =	 {Barrett, Thomas William and Halvorson, Hans},
  journal =	 {The Review of Symbolic Logic},
  volume =	 9,
  number =	 3,
  pages =	 {556--582},
  year =	 2016,
  publisher =	 {Cambridge University Press}
}

@article{linnebo,
  author =	 {\O{}ystein Linnebo and Agust\'{i}n Rayo},
  journal =	 {Mind},
  number =	 482,
  pages =	 {269--308},
  publisher =	 {Oxford Journals},
  title =	 {Hierarchies Ontological and Ideological},
  volume =	 121,
  year =	 2012,
  doi =		 {10.1093/mind/fzs050}
}


@incollection{visser2006,
  title =	 {Categories of theories and interpretations},
  author =	 {Visser, Albert},
  booktitle =	 {Logic in Tehran},
  volume =	 26,
  pages =	 {284--341},
  year =	 2006,
  publisher =	 {Association for Symbolic Logic},
  doi =		 {10.1017/CBO9780511712068.012}
}

@article{gitman2016zfcpowerset,
  title={What is the theory ZFC without powerset?},
  author={Gitman, Victoria and Hamkins, Joel David and Johnstone, Thomas A.},
  journal={Mathematical Logic Quarterly},
  volume={62},
  number={4-5},
  pages={391--406},
  year={2016},
  publisher={Wiley Online Library},
  doi={10.1002/malq.201500053}
}


@article{hamkins2012multiverse,
  title={The set-theoretic multiverse},
  author={Hamkins, Joel David},
  journal={The Review of Symbolic Logic},
  volume={5},
  number={3},
  pages={416--449},
  year={2012},
  publisher={Cambridge University Press},
  doi={10.1017/S1755020312000018}
}

@article{antos2015multiverse,
  title={Multiverse conceptions in set theory},
  author={Antos, Carola and Friedman, Sy-David and Honzik, Radek and Ternullo, Claudio},
  journal={Synthese},
  volume={192},
  number={8},
  pages={2463--2488},
  year={2015},
  publisher={Springer},
  doi={10.1007/s11229-015-0725-4}
}

@book{lewis-worlds,
  title =	 {On the plurality of worlds},
  author =	 {Lewis, David K and others},
  year =	 1986,
  publisher =	 {Blackwell Oxford}
}

@inproceedings{szczerba,
  title =	 {Interpretability of elementary theories},
  author =	 {Szczerba, Les{\l}aw},
  booktitle =	 {Logic, Foundations of Mathematics, and Computability
                  Theory: Part One of the Proceedings of the Fifth
                  International Congress of Logic, Methodology and
                  Philosophy of Science, London, Ontario, Canada-1975},
  pages =	 {129--145},
  year =	 1977,
  organization = {Springer}
}

@book{halvorson,
  title =	 {The Logic in Philosophy of Science},
  author =	 {Hans Halvorson},
  year =	 2019,
  publisher =	 {Cambridge University Press},
  isbn =	 9781107527744,
  doi =		 {10.1017/9781108596855}
}


@article{benthem,
  title =	 {A mathematical characterization of interpretation
                  between theories},
  author =	 {Van Benthem, Johan and Pearce, David},
  journal =	 {Studia Logica},
  volume =	 43,
  pages =	 {295--303},
  year =	 1984,
  doi =		 {10.1007/BF02103292}
}

@article{makkai,
  title =	 {First order logic with dependent sorts, with
                  applications to category theory},
  author =	 {Makkai, Michael},
  journal =	 {Preprint: http://www.math.mcgill.ca/makkai},
  pages =	 136,
  year =	 1995
}

@book{freyd1990,
  title =	 {Categories, Allegories},
  author =	 {Freyd, Peter J. and Scedrov, Andre},
  volume =	 39,
  year =	 1990,
  publisher =	 {North-Holland},
  address =	 {Amsterdam},
  doi =		 {10.2307/2275344}
}



